@article{Klimek_2020,
    doi = {10.21468/scipostphys.9.4.053},
    url = {https://doi.org/10.21468%2Fscipostphys.9.4.053},
    year = 2020,
    month = {oct},
    publisher = {Stichting {SciPost}},
    volume = {9},
    number = {4},
    author = {Matthew Klimek and Maxim Perelstein},
    title = {Neural network-based approach to phase space integration},
    journal = {{SciPost} Physics}
}
